<record><leader>00000cas a22000007a 4500</leader><controlfield tag="001">17198392</controlfield><controlfield tag="008">871207d18801881iauwr ne      0    0eng d</controlfield><datafield ind1=" " ind2=" " tag="010"><subfield code="a">sn 87059995 </subfield></datafield><datafield ind1=" " ind2=" " tag="040"><subfield code="a">INP</subfield><subfield code="b">eng</subfield><subfield code="c">INP</subfield><subfield code="d">OCLCQ</subfield></datafield><datafield ind1=" " ind2=" " tag="042"><subfield code="a">msc</subfield></datafield><datafield ind1="0" ind2="4" tag="245"><subfield code="a">The Sidney union-advocate.</subfield></datafield><datafield ind1="3" ind2="0" tag="246"><subfield code="a">Union advocate</subfield></datafield><datafield ind1=" " ind2=" " tag="260"><subfield code="a">Sidney, Fremont County, Iowa :</subfield><subfield code="b">Murphy &amp; Simons</subfield></datafield><datafield ind1=" " ind2=" " tag="300"><subfield code="a">v.</subfield></datafield><datafield ind1=" " ind2=" " tag="310"><subfield code="a">Weekly</subfield></datafield><datafield ind1="1" ind2=" " tag="362"><subfield code="a">Issued 1880-1881?</subfield></datafield><datafield ind1=" " ind2=" " tag="500"><subfield code="a">Publisher varies.</subfield></datafield><datafield ind1=" " ind2=" " tag="588"><subfield code="a">Description based on: Vol. 17, no. 1 (Oct. 14, 1880).</subfield></datafield><datafield ind1=" " ind2=" " tag="752"><subfield code="a">United States</subfield><subfield code="b">Iowa</subfield><subfield code="c">Fremont</subfield><subfield code="d">Sidney.</subfield></datafield><datafield ind1="0" ind2="4" tag="780"><subfield code="t">Sidney union (Sidney, Iowa : 1874)</subfield><subfield code="w">(DLC)sn 84038427</subfield></datafield><datafield ind1="0" ind2="4" tag="780"><subfield code="t">Fremont County advocate</subfield></datafield><datafield ind1="0" ind2="0" tag="785"><subfield code="t">Sidney union (Sidney, Iowa : 1882)</subfield><subfield code="w">(DLC)sn 88059418</subfield></datafield></record>